@incollection{quang2013genetic,
  title={A genetic algorithm for power-aware virtual machine allocation in private cloud},
  author={Quang-Hung, Nguyen and Nien, Pham Dac and Nam, Nguyen Hoai and Tuong, Nguyen Huynh and Thoai, Nam},
  booktitle={Information and Communication Technology},
  pages={183--191},
  year={2013},
  publisher={Springer}
}

@article{barroso2007case,
  title={The case for energy-proportional computing},
  author={Barroso, Luiz Andr{\'e} and H{\"o}lzle, Urs},
  journal={Computer},
  number={12},
  pages={33--37},
  year={2007},
  publisher={IEEE}
}
